@inproceedings{lake2000srt,
 author = {Lake,, Adam and Marshall,, Carl and Harris,, Mark and Blackstein,, Marc},
 title = {Stylized rendering techniques for scalable real-time 3D animation},
 booktitle = {NPAR '00: Proceedings of the 1st international symposium on Non-photorealistic animation and rendering},
 year = {2000},
 isbn = {1-58113-277-8},
 pages = {13--20},
 location = {Annecy, France},
 doi = {http://doi.acm.org/10.1145/340916.340918},
 publisher = {ACM},
 address = {New York},
 }


@inproceedings{petrovic2000sca,
 author = {Petrovi\'{c},, Lena and Fujito,, Brian and Williams,, Lance and Finkelstein,, Adam},
 title = {Shadows for cel animation},
 booktitle = {SIGGRAPH '00: Proceedings of the 27th annual conference on Computer graphics and interactive techniques},
 year = {2000},
 isbn = {1-58113-208-5},
 pages = {511--516},
 doi = {http://doi.acm.org/10.1145/344779.345073},
 publisher = {ACM Press/Addison-Wesley Publishing Co.},
 address = {New York},
 }

@inproceedings{barla2006xte,
 author = {Barla,, Pascal and Thollot,, Jo\"{e}lle and Markosian,, Lee},
 title = {X-toon: an extended toon shader},
 booktitle = {NPAR '06: Proceedings of the 4th international symposium on Non-photorealistic animation and rendering},
 year = {2006},
 isbn = {1-59593-357-3},
 pages = {127--132},
 location = {Annecy, France},
 doi = {http://doi.acm.org/10.1145/1124728.1124749},
 publisher = {ACM},
 address = {New York},
}

@article{decaudin1996clr,
  title={{Cartoon-looking rendering of 3D-scenes}},
  author={Decaudin, Philippe},
  journal={Research Report},
  volume={2919},
  month={Jun},
  year={1996}
}

